% ============================= SAMPLE BIBLIOGRAPHY DATABASE =============================
% This file contains bibliographic entries for your thesis
% Format: BibTeX (.bib)
% Usage: Include citations in your LaTeX files using \cite{keyname}
% Then compile with: pdflatex -> bibtex -> pdflatex -> pdflatex

@article{SchrodingerE35,
  author = {Schrödinger, E.},
  title = {Discussion of probability relations between separated systems},
  journal = {Mathematical Proceedings of the Cambridge Philosophical Society},
  volume = {31},
  number = {4},
  pages = {555--563},
  year = {1935}
}

@article{einsteinPodolskyRosen1935,
  author = {Einstein, A. and Podolsky, B. and Rosen, N.},
  title = {Can quantum-mechanical description of physical reality be considered complete?},
  journal = {Physical Review},
  volume = {47},
  number = {10},
  pages = {777--780},
  year = {1935}
}

@article{BranciardC12,
  author = {Branciard, C. and Cavalcanti, E. G. and Walborn, S. P. and Scarani, V. and Wiseman, H. M.},
  title = {One-sided device-independent quantum key distribution: Security, feasibility, and the connection with steering},
  journal = {Physical Review A},
  volume = {85},
  number = {1},
  pages = {010301(R)},
  year = {2012}
}

@article{WisemanH07,
  author = {Wiseman, H. M. and Jones, S. J. and Doherty, A. C.},
  title = {Steering, entanglement, nonlocality, and the Einstein-Podolsky-Rosen paradox},
  journal = {Physical Review Letters},
  volume = {98},
  number = {14},
  pages = {140402},
  year = {2007}
}

@article{WeedbrookC12,
  author = {Weedbrook, C. and Pirandola, S. and García-Patrón, R. and Cerf, N. J. and Ralph, T. C. and Shapiro, J. H. and Lloyd, S.},
  title = {Gaussian quantum information},
  journal = {Reviews of Modern Physics},
  volume = {84},
  number = {2},
  pages = {621},
  year = {2012}
}

@article{Qamar2008,
  author = {Qamar, S. and Ghafoor, F. and Hillery, M. and Zubairy, M. S.},
  title = {Quantum beat laser as a source of entangled radiation},
  journal = {Physical Review A},
  volume = {77},
  number = {6},
  pages = {062308},
  year = {2008}
}

@book{Scully1997,
  author = {Scully, M. O. and Zubairy, M. S.},
  title = {Quantum Optics},
  publisher = {Cambridge University Press},
  address = {Cambridge},
  year = {1997}
}

@article{RaiDasAgarwal2010,
  author = {Rai, A. and Das, S. and Agarwal, G. S.},
  title = {Quantum entanglement in coupled lossy waveguides},
  journal = {Optics Express},
  volume = {18},
  number = {6},
  pages = {6241--6254},
  year = {2010}
}

@article{UllahQureshiGhafoor2019,
  author = {Ullah, S. and Qureshi, H. S. and Ghafoor, F.},
  title = {Hierarchy of temporal quantum correlations using a correlated spontaneous emission laser},
  journal = {Optics Express},
  volume = {27},
  number = {19},
  pages = {26858--26873},
  year = {2019}
}

@article{kogiastQuantificationGaussianQuantum2015,
  author = {Kogias, I. and Lee, A. R. and Ragy, S. and Adesso, G.},
  title = {Quantification of Gaussian quantum steering},
  journal = {Physical Review Letters},
  volume = {114},
  number = {6},
  pages = {060403},
  year = {2015}
}

@article{brunnerBellNonlocality2014,
  author = {Brunner, N. and Cavalcanti, D. and Pironio, S. and Scarani, V. and Wehner, S.},
  title = {Bell nonlocality},
  journal = {Reviews of Modern Physics},
  volume = {86},
  number = {2},
  pages = {419},
  year = {2014}
}

@article{PolitiSilicaonSilicon2008,
  author = {Politi, A. and Cryan, M. J. and Rarity, J. G. and Yu, S. and O'Brien, J. L.},
  title = {Silica-on-silicon waveguide quantum circuits},
  journal = {Science},
  volume = {320},
  number = {5876},
  pages = {646--649},
  year = {2008}
}

@article{VidalWerner2002,
  author = {Vidal, G. and Werner, R. F.},
  title = {Computable measure of entanglement},
  journal = {Physical Review A},
  volume = {65},
  number = {3},
  pages = {032314},
  year = {2002}
}

@article{HorodockiHorodocki2009,
  author = {Horodecki, R. and Horodecki, P. and Horodecki, M. and Horodecki, K.},
  title = {Quantum entanglement},
  journal = {Reviews of Modern Physics},
  volume = {81},
  number = {2},
  pages = {865},
  year = {2009}
}

@article{ModiBrodutch2012,
  author = {Modi, K. and Brodutch, A. and Cable, H. and Paterek, T. and Vedral, V.},
  title = {The classical-quantum boundary for correlations: Discord and related measures},
  journal = {Reviews of Modern Physics},
  volume = {84},
  number = {4},
  pages = {1655},
  year = {2012}
}

